
@misc{wu,
 author = {Y. Wu.},
 title = {Optical Flow and Motion Analysis},
 note = {Northwestern University EECS432 - Advanced Computer Vision Notes Series 6},
 year = 2006
}


@article{fleet,
 author = {D. Fleet and Y. Weiss},
 title = {Optical flow estimation},
 journal = {Mathematical Models of Computer Vision: The Handbook},
 pages = {239--258},
 year = 2005
}


@article{horn,
author = {B.K.P. Horn and B.G. Schunck},
title = {Determining Optical Flow},
journal = {Artificial Intelligence},
volume = 17,  
pages = {185--203}, 
year = 1981
}

@article{sun,
author = {D. Sun, S. Roth, and M.J. Black},
title = {A Quantitative Analysis of Current Practices in Optical Flow Estimation and the Principles Behind Them},
journal = {International Journal of Computer Vision},
volume = 10, 
number = 1007, 
year = 2013
}
